@article{Evans:2008zzb,
	author = "Evans, Lyndon, (ed.) and Bryant, Philip, (ed.)",
	title = "{LHC Machine}",
	journal = "JINST",
	volume = "3",
	pages          = "S08001",
	doi            = "10.1088/1748-0221/3/08/S08001",
	year           = "2008",
	SLACcitation   = "%%CITATION = JINST,3,S08001;%%",
}

@article{Chatrchyan:2008aa,
author         = "Chatrchyan, S. and others",
title          = "{The CMS experiment at the CERN LHC}",
collaboration  = "CMS Collaboration",
journal        = "JINST",
volume         = "3",
pages          = "S08004",
doi            = "10.1088/1748-0221/3/08/S08004",
year           = "2008",
SLACcitation   = "%%CITATION = JINST,3,S08004;%%",
}

@article{CMS:2010gua,
key            = "925294",
title          = "{Measurement of CMS Luminosity}",
collaboration  = "CMS Collaboration",
year           = "2010",
reportNumber   = "CMS-PAS-EWK-10-004",
SLACcitation   = "%%CITATION = CMS-PAS-EWK-10-004 ETC.;%%",
}

@article{root,
AUTHOR  = {{I. Antcheva et al.}},
TITLE   = {{ROOT -- A C++ Framework for Petabyte Data Storage, Statistical Analysis and Visualization}},
YEAR    = {2009},
JOURNAL = {Comp. Phys. Comm.},
VOLUME  = {180},
NUMBER  = {12},
PAGES   = {2499-2512} 
}

@article{roofit,
AUTHOR  = {{W. Verkerke and D. Kirkby}},
TITLE   = {{The RooFit Toolkit for Data Modeling}},
YEAR    = {2005},
JOURNAL = {Proceedings of PHYSTAT05, Oxford, UK, http://www.physics.ox.ac.uk/phystat05/proceedings/files/roofit.ps}
}

@article{cteq6l1,
AUTHOR  = {{J. Pumplin et al.}},
TITLE   = {{New Generation of Parton Distributions with Uncertainties from Global QCD Analysis }},
YEAR    = {2002},
JOURNAL = {JHEP},
VOLUME  = {07},
NUMBER  = {012, arXiv:hep-ph/0201195v3}
}

@article{martin,
AUTHOR  = {{A. D. Martin et al.}},
TITLE   = {{Uncertainties on $\alpha_{\mathrm{s}}$ in Global PDF Analyses and Implications for Predicted Hadronic Cross Sections}},
YEAR    = {2009},
JOURNAL = {Eur. Phys. J.},
VOLUME  = {C64},
NUMBER  = {653}
}

@article{martin2,
AUTHOR  = {{A. D. Martin et al.}},
TITLE   = {{Heavy-Quark Mass Dependence in Global PDF Analyses and 3- and 4-Flavour Parton Distributions}},
YEAR    = {2010},
JOURNAL = {Eur. Phys. J.},
VOLUME  = {C70},
NUMBER  = {51}
}

@article{halyo,
AUTHOR  = {{N. Adam et al.}},
TITLE   = {{Theoretical Uncertainties in Electroweak Boson Production Cross Sections at 7, 10, and 14~TeV at the LHC}},
YEAR    = {2010},
JOURNAL = {JHEP},
VOLUME  = {11},
NUMBER  = {074, arXiv:1006.3766}
}

@article{halyo2,
AUTHOR  = {{N. Adam et al.}},
TITLE   = {{Evaluation of the Theoretical Uncertainties in the Z to ll Cross Sections at the LHC}},
YEAR    = {2008},
JOURNAL = {JHEP},
VOLUME  = {05},
NUMBER  = {062, arXiv:0802.3251v6}
}

@article{halyo3,
AUTHOR  = {{N. Adam et al.}},
TITLE   = {{Evaluation of the Theoretical Uncertainties in the W to Lepton and Neutrino Cross Sections at the LHC}},
YEAR    = {2008},
JOURNAL = {JHEP},
VOLUME  = {09},
NUMBER  = {133, arXiv:0808.0758v2}
}

@article{KS,
AUTHOR  = {W. T. Eadie et al.},
TITLE   = {{Statistical Methods in Experimental Physics}},
YEAR    = {1971},
JOURNAL = {Amsterdam: North-Holland},
PAGES  = {269–271, ISBN 0444101},
}

@article{cdf_z,
AUTHOR  = {{The CDF Collaboration}},
TITLE   = {{First Measurements of Inclusive $W$ and $Z$ Cross Sections from Run II of the Fermilab Tevatron Collider}},
YEAR    = {2005},
JOURNAL = {Phys. Rev. Lett.},
VOLUME  = {94},
NUMBER  = {091803},
}

@ARTICLE{d0_z,
AUTHOR  = {{The D0 Collaboration}},
TITLE   = {{Extraction of the Width of the $W$ Boson from Measurements of
$\sigma(p\vec{p} \rightarrow W + X) \times B(W \rightarrow e\nu)$ and
$\sigma(p\vec{p} \rightarrow Z + X) \times B(Z \rightarrow ee)$ and their Ratio}},
YEAR    = {2000},
JOURNAL = {Phys. Rev.},
VOLUME  = {D61},
NUMBER  = {072001},
}

@ARTICLE{ua1_z,
AUTHOR  = {The UA1 Collaboration},
TITLE   = {{Studies of Intermediate Vector Boson Production and Decay in UA1 at the CERN Proton-Antiproton Collider}},
YEAR    = {1989},
JOURNAL = {Z. Phys.},
VOLUME  = {G44},
NUMBER  = {15},
}

@ARTICLE{ua2_z,
AUTHOR  = {The UA2 Collaboration},
TITLE   = {{Measurements of the $W$ and $Z$ Production Cross Sections at the CERN $p\bar{p}$ Collider}},
JOURNAL = {Z. Phys.},
YEAR    = {1990},
VOLUME  = {C47},
NUMBER  = {11},
}

@ARTICLE{qcd,
AUTHOR  = {Particle Data Group; K. Nakamura  et al.},
TITLE   = {{Quantum Chromodynamics}},
JOURNAL = {J. Phys.},
YEAR    = {2010},
VOLUME  = {G37},
NUMBER  = {075021, Chapter 9}
}

\clearpage

@ARTICLE{ewk,
AUTHOR  = {Particle Data Group; K. Nakamura  et al.},
TITLE   = {{Electroweak Model and Constraints on New Physics}},
JOURNAL = {J. Phys.},
YEAR    = {2010},
VOLUME  = {G37},
NUMBER  = {075021, Chapter 10}
}

@ARTICLE{ewk_original1,
AUTHOR  = {S. I. Glashow},
TITLE   = {{Partial Symmetries of Weak Interactions}},
JOURNAL = {Nucl. Phys.},
YEAR    = {1961},
VOLUME  = {22},
NUMBER  = {579}
}

@ARTICLE{ewk_original2,
AUTHOR  = {S. Weinberg},
TITLE   = {{A Model of Leptons}},
JOURNAL = {Phys. Lett.},
YEAR    = {1967},
VOLUME  = {19},
NUMBER  = {1264}
}

@ARTICLE{ewk_original3,
AUTHOR  = {A. Salam},
TITLE   = {{Elementary Particle Physics}},
YEAR    = {1968},
JOURNAL = {Nobel Symp.},
VOLUME  = {8},
NUMBER  = {367},
}

@ARTICLE{pdg_book,
AUTHOR  = {Particle Data Group; K. Nakamura et al.},
TITLE   = {{The Review of Particle Physics}},
YEAR    = {2010},
JOURNAL = {J. Phys.},
VOLUME  = {G37},
NUMBER  = {075021},
}

@ARTICLE{gargamelle,
AUTHOR  = {W. F. Fry and D. Haidt},
TITLE   = {{Calculation of the Neutron-Induced Background in the Gargamelle Neutral Current Search }},
JOURNAL = {CERN Yellow Report, no. 1},
YEAR    = {1975}
}

@ARTICLE{WZDiscovery_1,
AUTHOR  = {The UA1 Collaboration},
TITLE   = {{Experimental Observation of Lepton Pairs of Invariant Mass around 95 GeV/$c^2$ at the CERN SPS Collider}},
JOURNAL = {Phys. Lett.},
VOLUME  = {B126},
YEAR    = {1983},
NUMBER  = {398}
}

@ARTICLE{WZDiscovery_2,
AUTHOR  = {The UA2 Collaboration},
TITLE   = {{Evidence for $Z^{0} \to e^{+}e^{-}$ at the CERN $\bar{p}p$ collider}},
JOURNAL = {Phys. Lett.},
VOLUME  = {B129},
YEAR    = {1983},
NUMBER  = {130}
}

@ARTICLE{resbos1,
AUTHOR  = { G. A. Ladinsky and C. P. Yuan},
TITLE   = {{The Nonperturbative Regime in QCD Resummation for Gauge Boson Production at Hadron Colliders}},
JOURNAL = {Phys. Rev.},
YEAR    = {1994},
VOLUME  = {D50},
NUMBER  = {4239, arXiv:hep-ph/9311341}
}

@ARTICLE{resbos2,
AUTHOR  = {C. Balazs et al.},
TITLE   = {{Effects of QCD Resummation on Distributions of Leptons from the Decay of Electroweak Vector Bosons}},
JOURNAL = {Phys. Lett.},
YEAR    = {1995},
VOLUME  = {B355},
NUMBER  = {548-554, arXiv:hep-ph/9505203}
}

@ARTICLE{resbos3,
AUTHOR  = {C. Balazs and C. P. Yuan},
TITLE   = {{Testing Multiple Gluon Dynamics at the Tevatron}},
JOURNAL = {Phys. Rev. Lett.},
YEAR    = {1997},
VOLUME  = {79},
NUMBER  = {2398­2401, arXiv:hep-ph/9703405}
}

@ARTICLE{resbos4,
AUTHOR  = {C. Balazs and C. P. Yuan},
TITLE   = {{Soft Gluon Effects on Lepton Pairs at Hadron Colliders}},
JOURNAL = {Phys. Rev.},
YEAR    = {1997},
VOLUME  = {D56},
PAGES   = {5558-5583, arXiv:hep-ph/9704258}
}

@ARTICLE{resbos5,
AUTHOR  = {R. Brock et al.},
TITLE   = {{Tevatron Run-1 $Z$ Boson Data and Collins-Soper-Sterman Resummation Formalism}},
JOURNAL = {Phys. Rev.},
YEAR    = {2003},
VOLUME  = {D67},
NUMBER  = {073016, arXiv:hep-ph/0212159}
}

@ARTICLE{resbos6,
AUTHOR  = {A. V. Konychev and P. M. Nadolsky},
TITLE   = {{Universality of the Collins-Soper-Sterman Nonperturbative Function in Gauge Boson Production}},
JOURNAL = {Phys. Lett.},
YEAR    = {2006},
VOLUME  = {B633},
PAGES   = {710-714, arXiv:hep-ph/0506225}
}

@ARTICLE{LUMIDPN,
AUTHOR  = {N. Adam et al.},
TITLE   = {{Absolute Calibration of the Luminosity Measurement at CMS}},
YEAR    = {2011},
JOURNAL = {CMS Detector Performance Note: LumiCal\_DPN}
}
@ARTICLE{CMSAN2007/019,
AUTHOR  = {J. Berryhill et al.},
TITLE   = {{Measuring Electron Efficiencies at CMS with Early Data}},
YEAR    = {2007},
JOURNAL = {CMS AN 2007/019}
}

@ARTICLE{CMSAN2010/175,
AUTHOR  = {N. Adam et al.},
TITLE   = {{Measurement of CMS Luminosity in the 2010 Run}},
YEAR    = {2010},
JOURNAL = {CMS AN 2010/175}
}
@ARTICLE{CMSAN2008/082,
AUTHOR  = {J. Branson et al.},
TITLE   = {{A Cut Based Method for Electron Identificaion at CMS}},
YEAR    = {2008},
JOURNAL = {CMS AN 2008/082}
}
@ARTICLE{CMSEWK2010/004,
AUTHOR  = {The CMS Collaboration},
TITLE   = {{Measurement of CMS Luminosity}},
YEAR    = {2011},
JOURNAL = {CMS PAS EWK 2010/004}
}

@ARTICLE{CMSNOTE2011/055,
AUTHOR  = {G. Bauer et al.},
TITLE   = {{Acceptance Uncertainties for the Inclusive $W$ and $Z$ cross section Measurements}},
YEAR    = {2011},
JOURNAL = {CMS AN 2011/055}
}


@ARTICLE{Powheg,
AUTHOR  = {P. Nason},
TITLE   = {{A New Method for Combining NLO QCD with Shower Monte Carlo Algorithms}},
YEAR    = {2004},
JOURNAL = {JHEP},
VOLUME  = {0411},
NUMBER  = {040, arXiv:hep-ph/0409146},
}

@ARTICLE{fewz1,
AUTHOR  = {K. Melnikov and F. Petriello},
TITLE   = {{Electroweak Gauge Boson Production at Hadron Colliders through $\mathcal{O}(\alpha_{\mathrm{s}}^{2})$}},
YEAR    = {2006},
JOURNAL = {Phys. Rev.},
VOLUME  = {D74},
NUMBER  = {114017, arXiv:hep-ph/0609070},
}

@ARTICLE{fewz2,
AUTHOR  = {K. Melnikov and F. Petriello},
TITLE   = {{The $W$ Boson Production Cross Section at the LHC through $\mathcal{O}(\alpha_{S}^{2})$}},
YEAR    = {2006},
JOURNAL = {Phys. Rev. Lett.},
VOLUME  = {96},
NUMBER  = {231803, arXiv:hep-ph/0603182},
}

@ARTICLE{mstw,
AUTHOR  = {A. D. Martin et al.},
TITLE   = {{Parton Distributions for the LHC}},
YEAR    = {2009},
JOURNAL = {arXiv:0901.0002}
}

@ARTICLE{ct10,
AUTHOR  = {H. L. Lai et al.},
TITLE   = {{New Parton Distributions for Collider Physics}},
YEAR    = {2010},
JOURNAL = {Phys. Rev.}, 
VOLUME  = {D82},
NUMBER  = {074024, arXiv:1007.2241v3}
}

@ARTICLE{nnpdf,
AUTHOR  = {R. D. Ball et al},
TITLE   = {{A First Unbiased Global NLO Determination of Parton Distributions and their Uncertainties}},
YEAR    = {2010},
JOURNAL = {arXiv:1002.4407v2}
}

@ARTICLE{pdf4lhc,
AUTHOR  = {PDF4LHC Working Group},
TITLE   = {{PDF4LHC Recommendations}},
YEAR    = {2010},
JOURNAL = {http://www.hep.ucl.ac.uk/pdf4lhc/PDF4LHCrecom.pdf}
}


@ARTICLE{geant4_1,
AUTHOR  = {S. Agostinelli et al.},
TITLE   = {{G4 — A Simulation Toolkit}},
YEAR    = {2003},
JOURNAL = {Nucl. Instrum. Meth.},
VOLUME  = {A506},
NUMBER  = {3},
}

@ARTICLE{geant4_2,
AUTHOR  = {J. Allison et al.},
TITLE   = {{Geant4 Developments and Applications}},
YEAR    = {2006},
JOURNAL = {IEEE Nucl. Sci.},
VOLUME  = {53},
NUMBER  = {1},
}

@ARTICLE{triggerEmulator,
AUTHOR  = {K. Zachariadou et al.},
TITLE   = {{The Global Trigger Emulator System for the CMS Experiment}},
YEAR    = {2004},
JOURNAL = {IEEE Nucl. Sci Symposium Conference Record},
VOLUME  = {2}
}

@ARTICLE{z2Tune,
AUTHOR  = {R. Field},
TITLE   = {{Early LHC Underlying Event Data - Findings and Surprises}},
YEAR    = {2010},
JOURNAL = {arxiv:1010.3558 (The difference between the Z2 tune used in this analysis and the Z1 tune described in the article is just that Z2 uses
          the CTEQ6L PDF set while Z1 uses the older CTEQ5L PDF set.)}
}

@ARTICLE{mcfm,
AUTHOR  = {John Campbell and Keith Ellis},
TITLE   = {{MCFM v5.7 - A Monte Carlo for FeMtobarn Processes at Hadron Colliders - Users Guide}},
YEAR    = {2010},
JOURNAL = {http://mcfm.fnal.gov/mcfm.pdf},
}

@ARTICLE{CMSAN2008/023,
AUTHOR  = {D. Bandurin et al.},
TITLE   = {{Generator-Level Preselection of QCD Electromagnetic Jets for HEEP Analyses}},
YEAR    = {2008},
JOURNAL = {CMS AN 2008/023}
}


@ARTICLE{lep,
AUTHOR  = {LEP Design Group},
TITLE   = {{Design Study of a 22 to 130 GeV electron-positron Colliding Beam Machine (LEP)}},
YEAR    = {1979},
JOURNAL  = {CERN/ISR-LEP/79-33},
}

@ARTICLE{tevatron,
AUTHOR  = {R. R. Wilson},
TITLE   = {{The Tevatron}},
YEAR    = {1978},
JOURNAL = {FERMILAB-TM-0763},
}

@ARTICLE{lhc,
AUTHOR  = {L. Evans and P. Bryant (editors)},
TITLE   = {{LHC Machine}},
YEAR    = {2008},
JOURNAL = {JINST},
VOLUME  = {3},
NUMBER  = {S08001},
}

@ARTICLE{superlhc,
AUTHOR  = {M. L. Mangano},
TITLE   = {{The Super-LHC}},
YEAR    = {2010},
JOURNAL = {Contemporary Physics},
VOLUME  = {51},
NUMBER  = {3},
PAGES   = {211-231, arXiv:0910.0030}
}

@ARTICLE{cms,
AUTHOR  = {The CMS Collaboration},
TITLE   = {{The CMS Experiment at the CERN LHC}},
YEAR    = {2008},
JOURNAL = {JINST},
VOLUME  = {3},
NUMBER  = {S08004},
}

@ARTICLE{atlas,
AUTHOR  = {The ATLAS Collaboration},
TITLE   = {{The ATLAS Experiment at the CERN Large Hadron Collider}},
YEAR    = {2008},
JOURNAL = {JINST},
VOLUME  = {3},
NUMBER  = {S08003},
}

@ARTICLE{lhcb,
AUTHOR  = {The LHCb Collaboration},
TITLE   = {{The LHCb Detector at the LHC}},
YEAR    = {2008},
JOURNAL = {JINST},
VOLUME  = {3},
NUMBER  = {S08005},
}

@ARTICLE{alice,
AUTHOR  = {The ALICE Collaboration},
TITLE   = {{The ALICE Experiment at the CERN LHC}},
YEAR    = {2008},
JOURNAL = {JINST},
VOLUME  = {3},
NUMBER  = {S08002},
}

@ARTICLE{cms_ptdr1,
AUTHOR  = {The CMS Collaboration},
TITLE   = {{CMS Physics Technical Design Report Volume I: Detector Performance and Software}},
YEAR    = {2006},
JOURNAL = {CERN-LHCC-2006-001},
 	url= "http://cmsdoc.cern.ch/cms/cpt/tdr/ptdr1\_final\_colour.pdf"
}

@ARTICLE{tracker1,
AUTHOR  = {The CMS Collaboration},
TITLE   = {{The CMS Tracker System Project: Technical Design Report}},
YEAR    = {1998},
JOURNAL  = {CERN-LHCC-98-006, http://cdsweb.cern.ch/record/368412}
}

@ARTICLE{tracker2,
AUTHOR  = {The CMS Collaboration},
TITLE   = {{The CMS Tracker: Addendum to the Technical Design Report}},
YEAR    = {2000},
JOURNAL  = {CERN-LHCC-2000-016, http://cdsweb.cern.ch/record/490194}
}

@ARTICLE{pdg_ecal,
AUTHOR  = {Particle Data Group; S. Eidelman et al.},
TITLE   = {{Review of Particle Physics}},
YEAR    = {2004},
JOURNAL = {Phys. Lett.},
VOLUME  = {B592},
NUMBER  = {1}
}

@ARTICLE{ecal_crystals1,
AUTHOR  = {P. Lecoq et al.},
TITLE   = {{Lead Tungstate (PBWO$_4$) Scintillators for LHC EM Calorimetry}},
YEAR    = {1995},
JOURNAL = {Nucl. Instrum. Meth.},
VOLUME  = {A365},
NUMBER  = {291}
}

@ARTICLE{ecal_crystals2,
AUTHOR  = {A. A. Annenkov et al.},
TITLE   = {{Lead Tungstate (PBW0$_4$) Scintillation Material}},
YEAR    = {2002},
JOURNAL = {Nucl. Instrum. Meth.},
VOLUME  = {A490},
NUMBER  = {30}
}

@ARTICLE{ecal_crystals3,
AUTHOR  = {X. D. Qu et al.},
TITLE   = {{Radiation Induced Color Centers and Light Monitoring for Lead Tungstate Crystals}},
YEAR    = {2000},
JOURNAL = {IEEE Trans. Nucl. Sci.},
VOLUME  = {47},
NUMBER  = {1741}
}

@ARTICLE{ecal_calib_teststant,
AUTHOR  = {W. Bertl et al.},
TITLE   = {{Feasibility of Intercalibration of CMS ECAL Supermodules with Cosmic Rays}},
YEAR    = {2005},
JOURNAL = {Eur. Phys. J.},
VOLUME  = {C41},
NUMBER  = {S2.11}
}

@ARTICLE{ecal_testbeam,
AUTHOR  = {P. Adzic et al.},
TITLE   = {{Energy Resolution of the Barrel of the CMS Electromagnetic Calorimeter}},
YEAR    = {2007},
JOURNAL = {JINST},
VOLUME  = {2},
NUMBER  = {P04004}
}

@ARTICLE{ecal_tdr,
AUTHOR  = {The CMS Collaboration},
TITLE   = {{The Electromagnetic Calorimeter Project: Technical Design Report}},
YEAR    = {1997},
JOURNAL = {CERN-LHCC-97-033, http://cdsweb.cern.ch/record/349375}
}

@ARTICLE{hcal_tdr,
AUTHOR  = {The CMS Collaboration},
TITLE   = {{The Hadron Calorimeter Project: Technical Design Report}},
YEAR    = {1997},
JOURNAL = {CERN-LHCC-97-031, http://cdsweb.cern.ch/record/357153}
}

@ARTICLE{hcal_hpd_readout,
AUTHOR  = {P. Cushman et al.},
TITLE   = {{Custom HPD Readout for the CMS HCAL}},
YEAR    = {2000},
JOURNAL = {Nucl. Instrum. Meth.},  
VOLUME  = {A442},
NUMBER  = {289}
}

@ARTICLE{hcal_jets,
AUTHOR  = {A. Heister et al.},
TITLE   = {{Measurement of Jets with the CMS detector at the LHC}},
YEAR    = {2006},
JOURNAL = {CMS-NOTE-2006-036, http://cdsweb.cern.ch/record/933705}
}

@ARTICLE{hcal_met,
AUTHOR  = {P. Cushman et al.},
TITLE   = {{Measurement of Missing Transverse Energy with the CMS Detector at the LHC}},
YEAR    = {2006},
JOURNAL = {Eur. Phys. J.},
VOLUME  = {C46},
NUMBER  = {45, CMS NOTE 2006/035, http://cdsweb.cern.ch/record/933706}
}

@ARTICLE{hcal_wls1,
AUTHOR  = {V. I. Kryshkin and A. I. Ronzhin},
TITLE   = {{An Optical Fiber Readout for Scintillator Calorimeters}},
YEAR    = {1986},
JOURNAL = {Nucl. Instrum. Meth.},
VOLUME  = {A247},
NUMBER  = {583}
}

@ARTICLE{hcal_wls2,
AUTHOR  = {M. G. Albrow et al.},
TITLE   = {{A Uranium Scintillator Calorimeter with Plastic-Fibre Readout}},
YEAR    = {1987},
JOURNAL = {Nucl. Instrum. Meth.},
VOLUME  = {A256},
NUMBER  = {23}
}

@ARTICLE{hcal_hf_quartz,
AUTHOR  = {N. Akchurin and R. Wigmans},
TITLE   = {{Quartz Fibers as Active Elements in Detectors for Particle Physics}},
YEAR    = {2002},
JOURNAL = {Rev. Sci. Instrum.},
VOLUME  = {74},
NUMBER  = {2955}
}

@ARTICLE{muon_tdr,
AUTHOR  = {The CMS Collaboration},
TITLE   = {{The CMS Muon Project, Technical Design Report}},
YEAR    = {1997},
JOURNAL = {CERN-LHCC-97-032, http://cdsweb.cern.ch/record/343814}
}

@ARTICLE{muon_csc,
AUTHOR  = {G. Charpak and F. Sauli},
TITLE   = {{High-Accuracy, Two-Dimensional Read-Out in Multiwire Proportional Chambers}},
YEAR    = {1973},
JOURNAL = {Nucl. Instrum. Meth.},
VOLUME  = {113},
NUMBER  = {381}
}

@ARTICLE{muon_rpc1,
AUTHOR  = {R. Santonico and R. Cardarelli},
TITLE   = {{Development of Resistive Plate Counters}},
YEAR    = {1981},
JOURNAL = {Nucl. Instrum. Meth.},
VOLUME  = {187},
NUMBER  = {377}
}

@ARTICLE{muon_rpc2,
AUTHOR  = {R. Cardarelli et al.},
TITLE   = {{Performance of a Resistive Plate Chamber Operating with pure CF$_3$Br}},
YEAR    = {1993},
JOURNAL = {Nucl. Instrum. Meth.},
VOLUME  = {A333},
NUMBER  = {399}
}

@ARTICLE{l1,
AUTHOR  = {The CMS Collaboration},
TITLE   = {{The TriDAS Project, Technical Design Report. Volume 1: The Level-1 Trigger}},
YEAR    = {2000},
JOURNAL = {CERN-LHCC-2000-038, http://cdsweb.cern.ch/record/706847}
}

@ARTICLE{hlt,
AUTHOR  = {The CMS Collaboration},
TITLE   = {{The TriDAS Project, Technical Design Report. Volume 2: Data Acquisition and High-Level Trigger}},
YEAR    = {2000},
JOURNAL = {CERN-LHCC-2002-026, http://cdsweb.cern.ch/record/578006}
}

@ARTICLE{hlt2,
AUTHOR  = {D. Acosta et al.},
TITLE   = {{CMS High level trigger}},
YEAR    = {2007},
JOURNAL = {CMS AN 2007/009}
}

@ARTICLE{CMSIN2007/030,
AUTHOR  = {N. Adam et al.},
TITLE   = {{The CMS Luminosity System}},
YEAR    = {2006},
JOURNAL = {CMS IN 2007/030}
}

@ARTICLE{gsf,
AUTHOR  = {R. Fruhwirth and T. Speer},
TITLE   = {{A Gaussian-Sum Filter for Vertex Reconstruction}},
YEAR    = {2004},
JOURNAL = {Nucl. Instrum. and Methods},
VOLUME  = {A534},
NUMBER  = {217-221. doi:10.1016/j.nima.2004.07.090}
}

@ARTICLE{electronReco,
AUTHOR  = {S. Baffioni et al.},
TITLE   = {{Electron Reconstruction in CMS}},
YEAR    = {2006},
JOURNAL = {CMS NOTE 2006/040}
}

@ARTICLE{CMSAN2010/443,
AUTHOR  = {R. Arcidiacon et al.},
TITLE   = {{Calibration of the ECAL energy scale using the $J/\psi \rightarrow ee$ resonance}},
YEAR    = {2010},
JOURNAL  = {CMS AN 2010/443}
}

@ARTICLE{CMSAN2010/139,
AUTHOR  = {Riccardo Paramatti for the CMS Collaboration},
TITLE   = {{Calibration of the CMS Electromagnetic Calorimeter at LHC startup}},
YEAR    = {2011},
JOURNAL  = {CMS CR 2010/139}
}


@ARTICLE{CMSAN2011/038,
AUTHOR  = {S. Nourbakhsh et al.},
TITLE   = {{Energy scale of CMS Electromagnetic Calorimeter with 2010 Data}},
YEAR    = {2011},
JOURNAL  = {CMS AN 2011/038}
}


@ARTICLE{CMSAN2009/021,
AUTHOR  = {D. Bandurin et al.},
TITLE   = {{A Baseline Candidate Single Electron HLT Path for LHC Startup}},
YEAR    = {2009},
JOURNAL = {CMS AN 2009/021}
}


@ARTICLE{trigsupervisor,
AUTHOR  = {I. Magrans de Arbril et al.},
TITLE   = {{Conceptual Design of the CMS Trigger Supervisor}},
YEAR    = {2006},
JOURNAL = {IEEE Trans. Nucl. Sci.},
VOLUME  = {53},
NUMBER  = {474}
}


@ARTICLE{susy,
AUTHOR  = {Peter Freund},
TITLE   = {{Introduction to Supersymmetry}},
YEAR    = {1986},
JOURNAL = {Cambridge Monographs on Mathematical Physics},
}



@ARTICLE{cms_tp,
AUTHOR  = {The CMS Collaboration},
TITLE   = {{The Compact Muon Solenoid Technical Proposal}},
YEAR    = {1994},
JOURNAL = {CERN-LHCC-94-38, http://cdsweb.cern.ch/record/290969}
}

@ARTICLE{touschek,
   AUTHOR  = {F. Zimmermann and M. P. Zorzano-Mier},
   TITLE   = {{Touschek Scattering in HERA and LHC}},
   YEAR    = {2000},
   JOURNAL = {CERN LHC-PROJECT-NOTE-244}
}


@ARTICLE{TRK-10-005,
   AUTHOR  = {The CMS Collaboration},
   TITLE   = {{Tracking and Primary Vertex Results in First 7~TeV Collisions}},
   YEAR    = {2010},
   JOURNAL = {CMS Physics Analysis Summary, TRK-10-005}
}

@ARTICLE{vdmScans,
   AUTHOR  = {S. Van der Meer},
   TITLE   = {{Calibration of the Effective Beam Height in the ISR}},
   YEAR    = {1968},
   JOURNAL = {ISR-PO/68-31, KEK68-64}
}

@ARTICLE{fbct,
   AUTHOR  = {D. Belohrad et al.},
   TITLE   = {{The LHC Fast BCT System: A comparison of Design Parameters with Initial Performance}},
   YEAR    = {2010},
   JOURNAL = {Proceedings of BIW10, Santa Fe, New Mexico, US}
}

@ARTICLE{CMSAN2010/116,
   AUTHOR  = {{The Vector Boson Task Force of the CMS Collaboration}},
   TITLE   = {{Measurements of Inclusive $W$ and $Z$ Cross Sections in pp Collisions at $\sqrt{s}=7$~TeV}},
   JOURNAL = {CMS AN 2010/116},
   YEAR    = {2010}
}

@ARTICLE{CMSAN2010/264,
   AUTHOR  = {S. Baffioni et al.},
   TITLE   = {{Updated Measurements of Inclusive $W$ and $Z$ Cross Sections at 7~TeV}},
   JOURNAL = {CMS AN 2010/264},
   YEAR    = {2010}
}
@ARTICLE{CMSPASEWK2010/005,
   AUTHOR  = {The CMS Collaboration},
   TITLE   = {{Measurement of the Inclusive $W$ and $Z$ Cross Sections in pp Collisions at $\sqrt{s}= 7$~TeV}},
   JOURNAL = {arXiv:1107.4789 (submitted to JHEP)},
   YEAR    = {2010}
}
@ARTICLE{CMSAN2010/395,
   AUTHOR  = {S. Baffioni et al.},
   TITLE   = {{Measurements of the Inclusive $W$ and $Z$ Cross Section in $pp$ Collisions at $\sqrt{s}= 7$~TeV: Update with full 2010 statistics}},
   JOURNAL = {CMS AN 2010/395},
   YEAR    = {2010}
}
@ARTICLE{CMSAN2010/277,
   AUTHOR  = {D. Bandurin et al},
   TITLE   = {{Data Driven Techniques to Estimate the Background in the $Z\to ee$ Events}},
   JOURNAL = {CMS AN 2010/277},
   YEAR    = {2010}
}

@ARTICLE{CMSAN2009/111,
   AUTHOR  = {N. Adam et al.},
   TITLE   = {{Generic Tag and Probe Tool for Measuring Efficiency at CMS with Early Data}},
   JOURNAL = {CMS AN 2009/111},
   YEAR    = {2009}
}

@ARTICLE{MINOS,
   AUTHOR  = {D. Drijard},
   TITLE   = {{Statistical Methods in Experimental Physics}},
   YEAR    = {1971},
   JOURNAL = {North-Holland}
}

@ARTICLE{TFF,
   AUTHOR  = {R. Barlow and C. Beeston},
   TITLE   = {{Fitting Using Finite Monte Carlo Samples}},
   YEAR    = {1993},
   JOURNAL = {{Comp. Phys. Comm.}},
   VOLUME  = {77},
   PAGES  = {219-228}
}

@Article{JINST,
     author    = "Adolphi, R. and others",
 collaboration = "CMS",
     title     = "{The CMS experiment at the CERN LHC}",
     journal   = "JINST",
     volume    = "3",
     year      = "2008",
     pages     = "S08004",
     doi       = "10.1088/1748-0221/3/08/S08004",
     SLACcitation  = "%%CITATION = JINST,3,S08004;%%"
}

@Article{PYTHIA,
     author    = "T. Sjostrand, S. Mrenna and P. Z. Skands",
 collaboration = "",
     title     = "{PYTHIA 6.4 Physics and Manual}",
     journal   = "JHEP",
     volume    = "0605",
     year      = "2006",
     pages     = "576",
     eprint    = "0603175",
     archivePrefix = "arXiv",
     SLACcitation  = "%%CITATION = JINST,3,S08004;%%"
}

@Article{GEANT4,
     author    = "Agostinelli, S. and others",
 collaboration = "GEANT4",
     title     = "{GEANT4: A simulation toolkit}",
     journal   = "Nucl. Instrum. Meth.",
     volume    = "A506",
     year      = "2003",
     pages     = "250",
     doi       = "10.1016/S0168-9002(03)01368-8",
     SLACcitation  = "%%CITATION = NUIMA,A506,250;%%"
}

@Article{Khachatryan:2010pw,
     author    = "Khachatryan, Vardan and others",
     collaboration = "CMS",
     title     = "{CMS Tracking Performance Results from early LHC
                  Operation}",
     journal   = "Eur. Phys. J.",
     volume    = "C70",
     year      = "2010",
     pages     = "1165-1192",
     eprint    = "1007.1988",
     archivePrefix = "arXiv",
     primaryClass  =  "physics.ins-det",
     doi       = "10.1140/epjc/s10052-010-1491-3",
}
@ARTICLE{CMS_NOTE_2006-041,
     AUTHOR       = "Adam, W. and others",
     TITLE        = "{Track Reconstruction in the CMS Tracker}",
     JOURNAL      = "CMS NOTE",
     VOLUME       = "2006/041",
     URL          = "http://cms.cern.ch/iCMS/jsp/openfile.jsp?type=IN&year=2006&files=NOTE2006_041.pdf",
     YEAR         = "2006"}
@ARTICLE{CMS_IN_2007-065,
     AUTHOR       = "Pioppi, M.",
     TITLE        = "{Iterative Tracking}",
     JOURNAL      = "CMS IN-Note",
     VOLUME       = "2007/065",
     URL          = "http://cms.cern.ch/iCMS/jsp/openfile.jsp?type=IN&year=2007&files=IN2007_065.pdf",
     YEAR         = "2007"}
@ARTICLE{CMS_AN_2009-107,
     AUTHOR       = "Azzuri, P. and others",
     TITLE        = "{Very Large Impact Parameter Reconstruction}",
     JOURNAL      = "CMS AN-Note",
     VOLUME       = "2009/107",
     URL          = "http://cms.cern.ch/iCMS/jsp/openfile.jsp?tp=draft&files=AN2009_107_v1.pdf",
     YEAR         = "2009"}
@ARTICLE{CMS_AN_2011-112,
     AUTHOR       = "Harper, S. and Tomalin, I. and Halyo, V. and Lujan, P. and Boulahouache, C.",
     TITLE        = "{Triggers to find Displaced Fermions from Exotica in the 2011 Run}",
     JOURNAL      = "CMS AN-Note",
     VOLUME       = "2011/112",
     URL          = "http://cms.cern.ch/iCMS/jsp/openfile.jsp?tp=draft&files=AN2011_112_v2.pdf",
     YEAR         = "2011"}
@ARTICLE{CMS_AN_2009-082,
     AUTHOR       = "Gay, A. and Belyaev, A. and Tomalin, I.",
     TITLE        = "{Triggering on events with highly displaced vertices}",
     JOURNAL      = "CMS AN-Note",
     VOLUME       = "2009/082",
     URL          = "http://cms.cern.ch/iCMS/jsp/openfile.jsp?tp=draft&files=AN2009_082_v1.pdf",
     YEAR         = "2009"}
@ARTICLE{CERN-LHCC-2007-021,
     COLLABORATION= "CMS",
     TITLE        = "CMS high level trigger",
     JOURNAL      = "CERN-LHCC",
     VOLUME       = "2007/021",
     URL          = "http://cdsweb.cern.ch/record/1043242/files/lhcc-2007-021.pdf",
     YEAR         = "2007"}
@article{Strassler:2006im,
      author         = "Strassler, Matthew J. and Zurek, Kathryn M.",
      title          = "{Echoes of a hidden valley at hadron colliders}",
journal = "Physics Letters B",
      volume         = "651",
      pages          = "374-379",
      doi            = "10.1016/j.physletb.2007.06.055",
      year           = "2007",
      eprint         = "hep-ph/0604261",
      archivePrefix  = "arXiv",
      primaryClass   = "hep-ph",
      SLACcitation   = "%%CITATION = HEP-PH/0604261;%%",
number = "5â€“6",
issn = "0370-2693",
url = "http://www.sciencedirect.com/science/article/pii/S0370269307007721",
}
@article{Strassler:2008bv,
author         = "Strassler, Matthew J.",
title          = "{Why Unparticle Models with Mass Gaps are Examples of Hidden Valleys}",
      year           = "2008",
            eprint         = "0801.0629",
	          archivePrefix  = "arXiv",
		        primaryClass   = "hep-ph",
			      SLACcitation   = "%%CITATION = ARXIV:0801.0629;%%",
}


@article{Strassler:2006ri,
      author         = "Strassler, Matthew J. and Zurek, Kathryn M.",
      title          = "{Discovering the Higgs through highly-displaced
                        vertices}",
journal = "Physics Letters B",
      volume         = "661",
number = "4",
      pages          = "263-267",
      doi            = "10.1016/j.physletb.2008.02.008",
      year           = "2008",
      eprint         = "hep-ph/0605193",
      archivePrefix  = "arXiv",
      primaryClass   = "hep-ph",
      SLACcitation   = "%%CITATION = HEP-PH/0605193;%%",
issn = "0370-2693",
url = "http://www.sciencedirect.com/science/article/pii/S0370269308001846",
}
@article{Graham:2012th,
      author         = "Graham, Peter W. and Kaplan, David E. and Rajendran,
                        Surjeet and Saraswat, Prashant",
      title          = "{Displaced Supersymmetry}",
      journal        = "JHEP",
      volume         = "1207",
      pages          = "149",
      doi            = "10.1007/JHEP07(2012)149",
      year           = "2012",
      eprint         = "1204.6038",
      archivePrefix  = "arXiv",
      primaryClass   = "hep-ph",
      SLACcitation   = "%%CITATION = ARXIV:1204.6038;%%",
}
@article{Han:2007ae,
      author         = "Han, Tao and Si, Zongguo and Zurek, Kathryn M. and Strassler, Matthew J.",
      title          = "{Phenomenology of hidden valleys at hadron colliders}",
      journal        = "JHEP",
      volume         = "0807",
      pages          = "008",
      doi            = "10.1088/1126-6708/2008/07/008",
      year           = "2008",
      eprint         = "0712.2041",
      archivePrefix  = "arXiv",
      primaryClass   = "hep-ph",
}
@Article{Barbier:2004ez,
     author    = "Barbier, R. and others",
     title     = "{R-parity violating supersymmetry}",
     journal   = "Phys. Rept.",
     volume    = "420",
     year      = "2005",
     pages     = "1-202",
     eprint    = "hep-ph/0406039",
     archivePrefix = "arXiv",
     doi       = "10.1016/j.physrep.2005.08.006",
     SLACcitation  = "%%CITATION = HEP-PH/0406039;%%"
}
@article{Hewett:2004nw,
      author         = "Hewett, JoAnne L. and Lillie, Ben and Masip, Manuel and
                        Rizzo, Thomas G.",
      title          = "{Signatures of long-lived gluinos in split
                        supersymmetry}",
      journal        = "JHEP",
      volume         = "0409",
      pages          = "070",
      doi            = "10.1088/1126-6708/2004/09/070",
      year           = "2004",
      eprint         = "hep-ph/0408248",
      archivePrefix  = "arXiv",
      primaryClass   = "hep-ph",
}
@article{Basso:2008iv,
      author         = "Basso, Lorenzo and Belyaev, Alexander and Moretti,
                        Stefano and Shepherd-Themistocleous, Claire H.",
      title          = "{Phenomenology of the minimal B-L extension of the
                        Standard model: Z' and neutrinos}",
      journal        = "Phys.Rev.",
      volume         = "D80",
      pages          = "055030",
      doi            = "10.1103/PhysRevD.80.055030",
      year           = "2009",
      eprint         = "0812.4313",
      archivePrefix  = "arXiv",
      primaryClass   = "hep-ph",
}
@UNPUBLISHED{hltJetValid,
     author    = "Tomalin, I.",
     title     = "Displaced jet trigger validation software",
     note      = "{CMSSW analysis module HLTriggerOffline\/SUSYBSM\/test\/analyseDisplacedJetTrigger\_cfg.py}",
     year      = "2011"
}
@UNPUBLISHED{PileUp,
     title     = "CMS reweighting procedure for pile-up",
     note      = "{https://twiki.cern.ch/twiki/bin/view/PileupReweighting/}",
}
@UNPUBLISHED{PileUpSystematic,
     title     = "CMS estimating systematic errors due to pile-up modeling",
     note      = "{https://twiki.cern.ch/twiki/bin/viewauth/CMS/PileupSystematicErrors?rev=6}",
}
@UNPUBLISHED{PD,
     title     = "CMS physics primary datasets",
     note      = "{https://twiki.cern.ch/twiki/bin/view/CMS/PhysicsPrimaryDatasets}",
}
@Article{Abazov:2009ik,
     author    = "Abazov, V. M. and others",
     collaboration = "D0",
     title     = "{Search for Resonant Pair Production of long-lived
                  particles decaying to $b \bar{b}$ in $p \bar{p}$ collisions
                  at $\sqrt{s}= 1.96$-TeV}",
     journal   = "Phys. Rev. Lett.",
     volume    = "103",
     year      = "2009",
     pages     = "071801",
     eprint    = "0906.1787",
     archivePrefix = "arXiv",
     doi       = "10.1103/PhysRevLett.103.071801",
     SLACcitation  = "%%CITATION = 0906.1787;%%"
}
@article{Abazov:2008zm,
      author         = "Abazov, V.M. and others",
      title          = "{Search for long-lived particles decaying into electron
                        or photon pairs with the D0 detector}",
      collaboration  = "D0",
      journal        = "Phys.Rev.Lett.",
      volume         = "101",
      pages          = "111802",
      doi            = "10.1103/PhysRevLett.101.111802",
      year           = "2008",
      eprint         = "0806.2223",
      archivePrefix  = "arXiv",
      primaryClass   = "hep-ex",
}
@article{Abazov:2006as,
      author         = "Abazov, V.M. and others",
      title          = "{Search for neutral, long-lived particles decaying into
                        two muons in $p \bar{p}$ collisions at $\sqrt{s}$ =
                        1.96-TeV}",
      collaboration  = "D0",
      journal        = "Phys.Rev.Lett.",
      volume         = "97",
      pages          = "161802",
      doi            = "10.1103/PhysRevLett.97.161802",
      year           = "2006",
      eprint         = "hep-ex/0607028",
      archivePrefix  = "arXiv",
      primaryClass   = "hep-ex",
}
@article{Cacciari:2008gp,
      author         = "Cacciari, Matteo and Salam, Gavin P. and Soyez, Gregory",
      title          = "{The Anti-k(t) jet clustering algorithm}",
      journal        = "JHEP",
      volume         = "0804",
      pages          = "063",
      doi            = "10.1088/1126-6708/2008/04/063",
      year           = "2008",
      eprint         = "0802.1189",
      archivePrefix  = "arXiv",
      primaryClass   = "hep-ph",
}
@article{FeldmanCousins,
  title = {Unified approach to the classical statistical analysis of small signals},
  author = {Feldman, Gary J. and Cousins, Robert D.},
  journal = {Phys. Rev. D},
  volume = {57},
  number = {7},
  pages = {3873--3889},
  numpages = {16},
  year = {1998},
  month = {Apr},
  doi = {10.1103/PhysRevD.57.3873},
  publisher = {American Physical Society}
}
@Article{Martin:2009iq,
     author    = "Martin, A. D. and Stirling, W. J. and Thorne, R. S. and
                  Watt, G.",
     title     = "{Parton distributions for the LHC}",
     journal   = "Eur. Phys. J.",
     volume    = "C63",
     year      = "2009",
     pages     = "189-285",
     eprint    = "0901.0002",
     archivePrefix = "arXiv",
     primaryClass  =  "hep-ph",
     doi       = "10.1140/epjc/s10052-009-1072-5",
     SLACcitation  = "%%CITATION = 0901.0002;%%"
}
@Article{Pumplin:2002vw,
     author    = "Pumplin, J. and others",
     title     = "{New generation of parton distributions with uncertainties
                  from global QCD analysis}",
     journal   = "JHEP",
     volume    = "07",
     year      = "2002",
     pages     = "012",
     eprint    = "hep-ph/0201195",
     archivePrefix = "arXiv",
     SLACcitation  = "%%CITATION = HEP-PH/0201195;%%"
}
@article{Nadolsky:2008zw,
      author         = "Nadolsky, Pavel M. and Lai, Hung-Liang and Cao, Qing-Hong
                        and Huston, Joey and Pumplin, Jon and others",
      title          = "{Implications of CTEQ global analysis for collider
                        observables}",
      journal        = "Phys.Rev.",
      volume         = "D78",
      pages          = "013004",
      doi            = "10.1103/PhysRevD.78.013004",
      year           = "2008",
      eprint         = "0802.0007",
      archivePrefix  = "arXiv",
      primaryClass   = "hep-ph",
}
@Article{VdM,
     author    = "S. Van der Meer",
     title     = "{“Calibration of the effective beam height in the ISR}",
     journal   = "CERN-ISR-PO",
     volume    = "68-31",
     year      = "1968",
     pages     = "3",
     eprint    = "",
     archivePrefix = "",
     SLACcitation  = "%%%%"
}
@Article{cms:lumi11update,
     collaboration = "CMS",
     title     = "{Absolute Calibration of the CMS Luminosity Measurement}",
     journal   = "CMS PAS EWK-11-001",
     volume    = "",
     year      = "2011",
     pages     = "",
     eprint    = "",
     archivePrefix = "",
     SLACcitation  = ""
}
@Article{cms:lumi11,
     collaboration = "CMS",
     title     = "{Absolute luminosity normalization}",
     journal   = "CMS DP-2011-002",
     volume    = "",
     year      = "2011",
     pages     = "",
     eprint    = "",
     archivePrefix = "",
     SLACcitation  = ""
}
@Article{cms:lumi10,
     collaboration = "CMS",
     title     = "{Measurement of the Luminosity}",
     journal   = "CMS PAS EWK-10-004",
     volume    = "",
     year      = "2010",
     pages     = "",
     eprint    = "",
     archivePrefix = "",
     SLACcitation  = ""
}
@Article{pas-trk-10-001,
     collaboration    = "CMS",
     title     = "{Tracking and Vertexing Results from First Collisions}",
     journal   = "CMS PAS TRK-10-001",
     volume    = "",
     year      = "2010",
     pages     = "",
     eprint    = "",
     archivePrefix = "",
     SLACcitation  = ""
}
@Article{pas-trk-10-003,
     collaboration    = "CMS",
     title     = "{Studies of tracker material}",
     journal   = "CMS PAS TRK-10-003",
     volume    = "",
     year      = "2010",
     pages     = "",
     eprint    = "",
     archivePrefix = "",
     SLACcitation  = ""
}
@Article{Bourilkov:2006cj,
     author    = "Bourilkov, D and Group, R C and Whalley, M R",
     title     = "{LHAPDF: PDF use from the Tevatron to the LHC}",
     year      = "2006",
     eprint    = "hep-ph/0605240",
     archivePrefix = "arXiv",
     SLACcitation  = "%%CITATION = HEP-PH/0605240;%%"
}
@ARTICLE{CMS_AN_2010-209,
     AUTHOR       = "Jones, M. and Silvers, D.",
     TITLE        = "{A Measurement of the Absolute Track Reconstruction
Efficiency Using a Track Embedding Method}",
     JOURNAL      = "CMS AN-Note",
     VOLUME       = "2010/209",
     URL          = "http://cms.cern.ch/iCMS/jsp/openfile.jsp?tp=draft&files=AN2010_209_v5.pdf",
     YEAR         = "2010"
}
@ARTICLE{CMS_AN_2011-159,
     AUTHOR       = "B. Clerbaux and others",
     TITLE        = "{Search for High-Mass Resonances Decaying to Electron Pairs in the CMS Experiment}",
     JOURNAL      = "CMS AN-Note",
     VOLUME       = "2011/159",
     URL          = "http://cms.cern.ch/iCMS/jsp/openfile.jsp?tp=draft&files=AN2011_159_v6.pdf",
     YEAR         = "2011"
}
@Article{CMS_PAS_EXO-11-019,
     collaboration   = "CMS",
     title     = "{Search for Resonances in the Dilepton Mass Distribution in pp collisions at $\sqrt{s}=7$~TeV}",
     journal   = "CMS PAS EXO-11-019",
     volume    = "",
     year      = "2010",
     pages     = "",
     eprint    = "",
     url       = "http://cdsweb.cern.ch/record/1369192?ln=en",
     archivePrefix = "",
     SLACcitation  = ""
}
@Article{Baffioni:2006cd,
     author    = "Baffioni, S. and others",
     title     = "{Electron reconstruction in CMS}",
     journal   = "Eur. Phys. J.",
     volume    = "C49",
     year      = "2007",
     pages     = "1099-1116",
     doi       = "10.1140/epjc/s10052-006-0175-5",
     SLACcitation  = "%%CITATION = EPHJA,C49,1099;%%"
}
@Article{cms:muon,
     collaboration = "CMS",
     title     = "{Performance of the muon identification in pp collisions at $\sqrt{s}=7$~TeV}",
     journal   = "CMS PAS MUO-10-002",
     volume    = "",
     year      = "2010",
     pages     = "",
     eprint    = "",
     archivePrefix = "",
     SLACcitation  = ""
}
@Article{RPCTechnicalTrigger,
     author = "S. Tupputi on behalf of the CMS collaboration",
     title = "{CMS RPC Technical trigger performances in cosmic runs}",
     journal = "Nuclear Science Symposium Conference Record, 2008. NSS '08. IEEE",
     volume = "",
     year = "2008",
     pages = "3222 - 3227",
     doi = "10.1109/NSSMIC.2008.4775034",
     SLACcitation  = ""
}
@Article{cosmicMuonsAlgorithm,
     author = "C. Liu, N. Neumeister",
     title = "{Reconstruction of Cosmic and Beam-Halo Muons}",
     journal = "CMS NOTE-2008/001",
     volume = "",
     year = "2008",
     pages = "",
     eprint = "",
     archivePrefix = "",
     SLACcitation = ""
}
@Article{Khachatryan:2011tm,
     author    = "Khachatryan, Vardan and others",
     collaboration = "CMS",
     title     = "{Strange Particle Production in pp Collisions at $\sqrt{s}$ =
                  0.9 and 7 TeV}",
     journal   = "JHEP",
     volume    = "05",
     year      = "2011",
     pages     = "064",
     eprint    = "1102.4282",
     archivePrefix = "arXiv",
     primaryClass  =  "hep-ex",
     doi       = "10.1007/JHEP05(2011)064",
     SLACcitation  = "%%CITATION = 1102.4282;%%"
}
@Article{Read:2002hq,
     author    = "Read, Alexander L.",
     title     = "{Presentation of search results: The CL(s) technique}",
     journal   = "J. Phys.",
     volume    = "G28",
     year      = "2002",
     pages     = "2693-2704",
     doi       = "10.1088/0954-3899/28/10/313",
     SLACcitation  = "%%CITATION = JPHGB,G28,2693;%%"
}
@UNPUBLISHED{HiggsStatSoftware,
     title     = "RooStats-based statistics tools for Higgs PAG",
     note      = "{https://twiki.cern.ch/twiki/bin/view/CMS/SWGuideHiggsAnalysisCombinedLimit}",
}
@article{Aad:2011zb,
      author         = "Aad, Georges and others",
      title          = "{Search for displaced vertices arising from decays of new
                        heavy particles in 7 TeV pp collisions at ATLAS}",
      collaboration  = "ATLAS Collaboration",
      journal        = "Phys.Lett.",
      volume         = "B707",
      pages          = "478-496",
      doi            = "10.1016/j.physletb.2011.12.057",
      year           = "2012",
      eprint         = "1109.2242",
      archivePrefix  = "arXiv",
      primaryClass   = "hep-ex",
      reportNumber   = "CERN-PH-EP-2011-131",
      SLACcitation   = "%%CITATION = ARXIV:1109.2242;%%",
}
@article{Aad:2012vn,
      author         = "Aad, Georges and others",
      title          = "{Search for a light Higgs boson decaying to long-lived
                        weakly-interacting particles in proton-proton collisions
                        at sqrt(s) = 7 TeV with the ATLAS detector}",
      collaboration  = "ATLAS Collaboration",
      year           = "2012",
      eprint         = "1203.1303",
      archivePrefix  = "arXiv",
      primaryClass   = "hep-ex",
      reportNumber   = "CERN-PH-EP-2011-228",
      SLACcitation   = "%%CITATION = ARXIV:1203.1303;%%",
}
@article{Aaltonen:2011rja,
      author         = "Aaltonen, T. and others",
      title          = "{Search for heavy metastable particles decaying to jet
                        pairs in $p\bar{p}$ collisions at $\sqrt{s} = 1.96$ TeV}",
      collaboration  = "CDF Collaboration",
      journal        = "Phys.Rev.",
      volume         = "D85",
      pages          = "012007",
      doi            = "10.1103/PhysRevD.85.012007",
      year           = "2012",
      note           = "18 pages, 12 figures, submitted to Phys. Rev. D",
      eprint         = "1109.3136",
      archivePrefix  = "arXiv",
      primaryClass   = "hep-ex",
      reportNumber   = "FERMILAB-PUB-11-451-E-PPD, PUB-11-451-E-PPD",
      SLACcitation   = "%%CITATION = ARXIV:1109.3136;%%",
}


@article{ Ulyanov:981760,
	author = "Ulyanov, A",
	title = "Test beam results of the CMS forward quartz fibre calorimeter",
	year = "2006"
}

@article{ Akchurin:981630,
	author = "Akchurin, N and others ",
	title = "Source calibration of CMS quartz fiber forward calorimeter",
	year = "2006"
}

@techreport{ Akchurin:977179,
	author = "Akchurin, N and others",
	title = "High Voltage System for the CMS Forward Calorimeter",
	number = "CMS-NOTE-2006-137. CERN-CMS-NOTE-2006-137",
	year = "2006"
}

@techreport{ Baiatian:951395,
	author = {Baiatian, G and others},
	title = "Design, Performance and Calibration of the CMS Forward Calorimeter Wedges",
	institution = "CERN",
	address = "Geneva",
	number = "CMS-NOTE-2006-044. CERN-CMS-NOTE-2006-044",
	month = "Feb",
	year = "2006"
}

@techreport{ Grothe:951384,
	author = "Grothe, M and others",
	title = "Triggering on Forward Physics",
	institution = "CERN",
	address = "Geneva",
	number = "CMS-NOTE-2006-054. CERN-CMS-NOTE-2006-054. TOTEM-NOTE-2006-001",
	month = "May",
	year = "2006"
}

@article{ Braem:919804,
	author = "Braem, Andr{\'e} and others",
	title = "Metal multi-dielectric mirror coatings for Cherenkov detectors",
	journal = "Nucl. Instrum. Methods Phys. Res., A",
	volume = "553",
	pages = "182-186 n1-2",
	year = "2005"
}

@Article{ Gulmez:816708,
	author = {G\"{u}lmez, E and others},
	title = "Selection and testing of 2000 photomultiplier tubes for the CMS-HF forward calorimeter",
	year = "2004"
}

@techreport{ Akgun:796577,
	author = {Akgun, U and others},
	title = "Complete tests of 2000 Hamamatsu R7525HA Phototubes for the CMS-HF Forward Calorimeter",
	institution = "CERN",
	address = "Geneva",
	number = "CMS-NOTE-2004-019. CERN-CMS-NOTE-2004-019",
	month = "Sep",
	year = "2004"
}

@techreport{ Akgun:687855,
	author = {Akgun, U and others},
	title = "Comparison of PMTs From Three Different Manufacturers for the CMS-HF Forward Calorimeter",
	institution = "CERN",
	address = "Geneva",
	number = "CMS-NOTE-2003-029",
	month = "Oct",
	year = "2003"
}

@techreport{ Kolosov:687435,
	author = {Kolosov, V and others},
	title = "Beam Test Results of a Longitudinally Segmented Quartz Fiber Calorimeter with High Energy Electrons and Pions",
	institution = "CERN",
	address = "Geneva",
	number = "CMS-NOTE-2002-017",
	month = "Jun",
	year = "2002"
}

@article{ Merlo:364748,
	author = "Merlo, J P",
	title = "CMS hadronic forward calorimeter",
	year = "1998"
}

@techreport{ Belotelov:933703,
	author = "Belotelov, I I and others",
	title = "Electromagnetic Secondaries and Punchthrough Effects in the CMS ME1/1",
	institution = "CERN",
	address = "Geneva",
	number = "CMS-NOTE-2006-034. CERN-CMS-NOTE-2006-034",
	month = "Feb",
	year = "2006"
}

@article{ Baumbaugh:433222,
	author = "Baumbaugh, A E and others",
	title = "First Testbeam Results for the QIE-Demonstrator Readout for the CMS Hadronic Calorimeter",
	number = "CERN-OPEN-2000-057",
	pages = "5 p",
	month = "Oct",
	year = "1999"
}

@TechReport{ Adam:lumi123,
	title = "The CMS Luminosity System ",
	author = "Nadia Adam and others",
	institution = "CERN",
	address = "Geneva",
	number = "IN-2007-030",
	month = jul,
	year = "2007"
}

@TechReport{ Adam:lumi456,
	title = "The CMS Luminosity Readout System",
	author = "Nadia Adam and others",
	institution = "CERN",
	address = "Geneva",
	number = "IN-2007-052",
	month = octs,
	year = "2007"
}
@article{Junk:1999kv,
      author         = "Junk, Thomas",
      title          = "{Confidence level computation for combining searches with small statistics}",
      journal        = "Nucl. Instrum. Meth. A",
      volume         = "434",
      pages          = "435",
      doi            = "10.1016/S0168-9002(99)00498-2",
      year           = "1999",
      eprint         = "hep-ex/9902006",
				          archivePrefix  = "arXiv",
					        primaryClass   = "hep-ex",
						      reportNumber   = "CARLETON-OPAL-PHYS-99-01, CERN-EP-99-041",
						            SLACcitation   = "%%CITATION = HEP-EX/9902006;%%",
}

@article{cmsLongLivedLeptons,
author = "Chatrchyan, Serguei and others",
title          = "{Search in leptonic channels for heavy resonances decaying to long-lived neutral particles}",
collaboration  = "CMS Collaboration",
journal        = "JHEP",
volume         = "1302",
pages          = "085",
doi            = "10.1007/JHEP02(2013)085",
year           = "2013",
eprint         = "1211.2472",
archivePrefix  = "arXiv",
primaryClass   = "hep-ex",
reportNumber   = "CMS-EXO-11-101, CERN-PH-EP-2012-304",
SLACcitation   = "%%CITATION = ARXIV:1211.2472;%%",
}

